@article{willmott1995,
  title={Smart interpolation of annually averaged air temperature in the United States},
  author={Willmott, Cort J and Matsuura, Kenji},
  journal={Journal of Applied Meteorology},
  volume={34},
  number={12},
  pages={2577--2586},
  year={1995}
}

@article{vaughan2013,
  title={Observations: Cryosphere Climate Change 2013: the Physical Science Basis},
  author={Vaughan, D and Comiso, J and Allison, I and Carrasco, J and Kaser, G and Kwok, R and Mote, P and Murray, T and Paul, F and Ren, J and others},
  journal={Contribution of Working Group I to the Fifth Assessment Report of the Intergovernmental Panel on Climate Change, Cambridge University Press, Cambridge, United Kingdom and New York, NY, USA},
  volume={1},
  number={1},
  pages={1--2},
  year={2013}
}

@article{westoby2012,
  title={{'}{S}tructure-from-{M}otion{'} photogrammetry: A low-cost, effective tool for geoscience applications},
  author={Westoby, MJ and Brasington, J and Glasser, NF and Hambrey, MJ and Reynolds, JM},
  journal={Geomorphology},
  volume={179},
  pages={300--314},
  year={2012},
  publisher={Elsevier}
}

@article{stabeno2004,
  title={Meteorology and oceanography of the {N}orthern {G}ulf of {A}laska},
  author={Stabeno, PJ and Bond, NA and Hermann, AJ and Kachel, NB and Mordy, CW and Overland, JE},
  journal={Continental Shelf Research},
  volume={24},
  number={7},
  pages={859--897},
  year={2004},
  publisher={Elsevier}
}

@article{slupetzky2009,
  title={Indications of {L}ate {G}lacial to {H}olocene {F}luctuations of {C}athedral {G}lacier, {C}oast {R}ange ({A}tlin {R}egion, {N}orthern {B}ritish {C}olumbia, {C}anada).},
  author={Slupetzky, Heinz and Krisai, R.},
  journal={Zeitschrift F\"ur Gletscherkunde Und Glazialgeologie},
  number={43/44},
  pages={187--212},
  year={2009},
  publisher={PANGAEA}
}

@article{slupetzky1988,
  title={Zur {K}arte des {C}athedral {M}assiv {G}letschers 1: 5000},
  author={Slupetzky, Heinz and Gruber, W. and Mauelshagen, L.},
  journal={Zeitschrift F\"ur Gletscherkunde Und Glazialgeologie},
  number={24},
  pages={125--136},
  year={1988},
  publisher={PANGAEA}
}

@article{siebert2014,
  title={Mobile 3{D} mapping for surveying earthwork projects using an {U}nmanned {A}erial {V}ehicle ({UAV}) system},
  author={Siebert, Sebastian and Teizer, Jochen},
  journal={Automation in Construction},
  volume={41},
  pages={1--14},
  year={2014},
  publisher={Elsevier}
}

@article{pelto2013,
  title={Juneau icefield mass balance program 1946--2011},
  author={Pelto, M and Kavanaugh, J and McNeil, C},
  journal={Earth System Science Data},
  volume={5},
  number={2},
  pages={319--330},
  year={2013},
  publisher={Copernicus GmbH}
}

@article{meier2007,
  title={Glaciers dominate eustatic sea-level rise in the 21st century},
  author={Meier, Mark F and Dyurgerov, Mark B and Rick, Ursula K and O'Neel, Shad and Pfeffer, W Tad and Anderson, Robert S and Anderson, Suzanne P and Glazovsky, Andrey F},
  journal={Science},
  volume={317},
  number={5841},
  pages={1064--1067},
  year={2007},
  publisher={American Association for the Advancement of Science}
}

@article{di2013,
  title={Synthesis of {P}acific {O}cean climate and ecosystem dynamics},
  author={Di Lorenzo, Emanuele and Combes, Vincent and Keister, Julie E and Strub, P Ted and Thomas, Andrew C and Franks, Peter JS and Ohman, Mark D and Furtado, Jason C and Bracco, Annalisa and Bograd, Steven J and others},
  year={2013},
  publisher={Oceanography Society}
}

@article{larsen2007,
  title={Glacier changes in southeast {A}laska and northwest {B}ritish {C}olumbia and contribution to sea level rise},
  author={Larsen, Christopher F and Motyka, Roman J and Arendt, Anthony A and Echelmeyer, Keith A and Geissler, Paul E},
  journal={Journal of Geophysical Research: Earth Surface},
  volume={112},
  number={F1},
  year={2007},
  publisher={Wiley Online Library}
}

@article{kaab2002,
  title={Monitoring high-mountain terrain deformation from repeated air-and spaceborne optical data: examples using digital aerial imagery and {ASTER} data},
  author={K{\"a}{\"a}b, Andreas},
  journal={ISPRS Journal of Photogrammetry and remote sensing},
  volume={57},
  number={1},
  pages={39--52},
  year={2002},
  publisher={Elsevier}
}

@article{james2012,
  title={Straightforward reconstruction of 3{D} surfaces and topography with a camera: {A}ccuracy and geoscience application},
  author={James, MR and Robson, Stuart},
  journal={Journal of Geophysical Research: Earth Surface},
  volume={117},
  number={F3},
  year={2012},
  publisher={Wiley Online Library}
}

@article{huss2016,
  title={Sensitivity of very small glaciers in the {S}wiss {A}lps to future climate change},
  author={Huss, Matthias and Fischer, Mauro},
  journal={Cryospheric Sciences},
  pages={34},
  year={2016}
}

@inproceedings{hedborg2012,
  title={Rolling shutter bundle adjustment},
  author={Hedborg, Johan and Forssen, Per-Erik and Felsberg, Michael and Ringaby, Erik},
  booktitle={Computer Vision and Pattern Recognition (CVPR), 2012 IEEE Conference on},
  pages={1434--1441},
  year={2012},
  organization={IEEE}
}

@article{gomez2014,
  title={Comparing two photo-reconstruction methods to produce high density point clouds and {DEM}s in the corral del {V}eleta {R}ock {G}lacier ({S}ierra {N}evada, {S}pain)},
  author={G{\'o}mez-Guti{\'e}rrez, {\'A}lvaro and de Sanjos{\'e}-Blasco, Jos{\'e} Juan and de Mat{\'\i}as-Bejarano, Javier and Berenguer-Sempere, Fernando},
  journal={Remote Sensing},
  volume={6},
  number={6},
  pages={5407--5427},
  year={2014},
  publisher={Multidisciplinary Digital Publishing Institute}
}

@article{gardner2013,
  title={A reconciled estimate of glacier contributions to sea level rise: 2003 to 2009},
  author={Gardner, Alex S and Moholdt, Geir and Cogley, J Graham and Wouters, Bert and Arendt, Anthony A and Wahr, John and Berthier, Etienne and Hock, Regine and Pfeffer, W Tad and Kaser, Georg and others},
  journal={science},
  volume={340},
  number={6134},
  pages={852--857},
  year={2013},
  publisher={American Association for the Advancement of Science}
}

@article{furukawa2010,
  title={Accurate, dense, and robust multiview stereopsis},
  author={Furukawa, Yasutaka and Ponce, Jean},
  journal={IEEE transactions on pattern analysis and machine intelligence},
  volume={32},
  number={8},
  pages={1362--1376},
  year={2010},
  publisher={IEEE}
}

@article{criscitiello2010,
  title={The {R}esponse of {T}aku and {L}emon {C}reek {G}laciers to {C}limate},
  author={Criscitiello, Alison S and Kelly, Meredith A and Tremblay, Bruno},
  journal={Arctic, Antarctic, and Alpine Research},
  volume={42},
  number={1},
  pages={34--44},
  year={2010},
  publisher={BioOne}
}

@article{bolch2010,
  title={Landsat-based inventory of glaciers in western {C}anada, 1985--2005},
  author={Bolch, Tobias and Menounos, Brian and Wheate, Roger},
  journal={Remote Sensing of Environment},
  volume={114},
  number={1},
  pages={127--137},
  year={2010},
  publisher={Elsevier}
}

@article{bahr2012,
  title={Significant contribution to total mass from very small glaciers},
  author={Bahr, DB and Radi{\'c}, V},
  journal={The Cryosphere},
  volume={6},
  number={4},
  pages={763--770},
  year={2012},
  publisher={Copernicus GmbH}
}

@article{arendt2002,
  title={Rapid wastage of {A}laska glaciers and their contribution to rising sea level},
  author={Arendt, Anthony A and Echelmeyer, Keith A and Harrison, William D and Lingle, Craig S and Valentine, Virginia B},
  journal={Science},
  volume={297},
  number={5580},
  pages={382--386},
  year={2002},
  publisher={American Association for the Advancement of Science}
}

@book{adams1995,
  title={The Negative},
  author={Adams, A. and Baker, R},
  year={1995},
  publisher={Little Brown},
  address={Boston}
}

@misc{LeicaGeosystems,
author = {Leica},
year={2017},
title = {Leica {A}irborne {LIDAR} {ALS}80 {HP} {P}roduct {S}pecifications},
howpublished = {Available at \url{http://www.leica-geosystems.us/downloads123/zz/airborne/ALS80/product-specification/Leica_ALS80_HP_ProductSpec_en.pdf} (2017/01/05)}
}


@book{lang1999,
  title={Bestimmung des Koordinatenrahmens f\"ur das Projekt "Cathedral Massif Glacier Remapping 1999"},
  author={Martin Lang},
  publisher={Institut f\"ur Geod\"asie, Universit\"at der Bundeswehr M\"unchen},
  year={1999}
  
}

@misc{matsuura2015precip,
  title={Terrestrial {P}recipitation: 1900-2014 {G}ridded {M}onthly {T}ime {S}eries (V 4.01). {U}niversity of {D}elaware},
  author={Matsuura, K and Willmott, C},
  howpublished={Available at \url{http://climate.geog.udel.edu/~climate/html_pages/Global2014/README.GlobalTsP2014.html} (1/10/2017)},
  year={2015}
}

@misc{matsuura2015temp,
  title={Terrestrial {A}ir {T}emperature: 1900-2014 {G}ridded {M}onthly {T}ime {S}eries (V 4.01). {U}niversity of {D}elaware},
  author={Matsuura, K and Willmott, C},
  howpublished={Available at \url{http://climate.geog.udel.edu/~climate/html_pages/Global2014/README.GlobalTsT2014.html} (1/10/2017)},
  year={2015}
}

@article{willmott2012,
  title={Terrestrial air temperature: 1900--2010 gridded monthly time series. {V}ersion 3.01},
  author={Willmott, CJ and Matsuura, K},
  journal={Center for Climatic Research, Dep. Of Geography, University of Delaware, Newark. http://climate. geog. udel. edu/\~{} climate},
  year={2012}
}

@misc{std_gps2008,
title={Global {P}ositioning {S}ystem {S}tandard {P}ositioning {S}ervice {P}erformance {S}tandard},
author={{Department of Defense}},
year={2008},
howpublished={Available at \url{http://www.gps.gov/technical/ps/2008-SPS-performance-standard.pdf} (1/10/2017)}
}

@misc{waas_gps2008,
title={Global {P}ositioning {S}ystem {W}ide {A}rea {A}ugmentation {S}ystem ({WAAS}) {P}erformance {S}tandard},
author={{Department of Defense}},
year={2008},
howpublished={Available at \url{http://www.gps.gov/technical/ps/2008-WAAS-performance-standard.pdf} (1/10/2017)}
}

@book{northernclimate2014,
title={Projected {F}uture {C}hanges in {G}laciers and their {C}ontribution to {D}ischarge of the {Y}ukon {R}iver at {W}hitehorse},
author={{Northern Climate ExChange}},
publisher={Northern Climate ExChange},
address={Yukon Research Centre, Yukon College, Whitehorse, YT},
year={2014}
}

@article{johnson2014rapid,
  title={Rapid mapping of ultrafine fault zone topography with structure from motion},
  author={Johnson, Kendra and Nissen, Edwin and Saripalli, Srikanth and Arrowsmith, J Ram{\'o}n and McGarey, Patrick and Scharer, Katherine and Williams, Patrick and Blisniuk, Kimberly},
  journal={Geosphere},
  volume={10},
  number={5},
  pages={969--986},
  year={2014},
  publisher={Geological Society of America}
}

@article{unavco2015,
title={Structure from {M}otion {G}uide for {I}nstructors and {I}nvestigators},
author={Katherine Shervais},
publisher={UNAVCO},
howpublished={Available at \url{http://kb.unavco.org/kb/article/structure-from-motion-sfm-introductory-guide-843.html} (1/10/2017)},
year={2015}
}

@misc{nolan2014,
author={Matthew Nolan},
year={2014},
howpublished={ Personal conversation and available at {F}airbanks {FODAR} (\url{http://fairbanksfodar.com/})}
}

@incollection{church2013,
author = {J.A. Church and P.U. Clark and A. Cazenave and J.M. Gregory},
title = {Sea level change},
booktitle = {Climate Change 2013: The Physical Science Basis. Contribution of Working Group I to the Fifth Assessment Report of the Intergovernmental Panel on Climate Change},
publisher = {Cambridge Univ. Press},
address = {Cambridge, U. K., and New York},
year = {2013},
pages = {1137--1216}
}
