Automatically generated by Mendeley Desktop 1.17.13
Any changes to this file will be lost if it is regenerated by Mendeley.

BibTeX export options can be customized via Options -> BibTeX in Mendeley Desktop

@techreport{NationalScienceFoundation2015a,
author = {{National Science Foundation}},
file = {:home/iannesbitt/MASTERS/literature/National Science Foundation/2015/National Science Foundation - 2015 - Geomorphology and Land Use Dynamics PROGRAM SOLICITATION NSF 14-550.pdf:pdf},
keywords = {dynamics,morphology and land use,program solicitation},
pages = {1--9},
title = {{Geomorphology and Land Use Dynamics PROGRAM SOLICITATION NSF 14-550}},
year = {2015}
}
