Automatically generated by Mendeley Desktop 1.17.13
Any changes to this file will be lost if it is regenerated by Mendeley.

BibTeX export options can be customized via Options -> BibTeX in Mendeley Desktop

@unpublished{Kirshena,
author = {Kirshen, Paul and Gardner, Kevin and Gold, Arthur J. and Hart, David and Uchida, Emi and Ashcraft, Catherine and Mineau, Madeline and Mo, Weiwei and Burchsted, Denise and Klein, Sharon and McGreavy, Bridie and Owen, David and Peckenham, John and Smith, Sean MC and Wilson, Karen and Addy, Kelly and Druschke, Caroline and Guilfoos, Todd and Fultineer, Scheri and Searles, Colgate and Vogler, Emily and Zydlewski, Joseph},
file = {:home/iannesbitt/MASTERS/literature/Kirshen et al/Unknown/Kirshen et al. - Unknown - Strengthening the scientific basis for decision making about dams Multi-scale, coupled-systems research on ec.pdf:pdf},
title = {{Strengthening the scientific basis for decision making about dams: Multi-scale, coupled-systems research on ecological, social, and economic trade-offs}}
}
