Automatically generated by Mendeley Desktop 1.17.13
Any changes to this file will be lost if it is regenerated by Mendeley.

BibTeX export options can be customized via Options -> BibTeX in Mendeley Desktop

@misc{Gerard2015a,
author = {Gerard, Brett and Smith, Sean MC and Dam, Brian Van and Reeve, Andy},
file = {:home/iannesbitt/MASTERS/literature/Gerard et al/2015/Gerard et al. - 2015 - Stream Dynamics in a Coupled Human-Climate-Postglacial Watershed.pdf:pdf},
title = {{Stream Dynamics in a Coupled Human-Climate-Postglacial Watershed}},
year = {2015}
}
@misc{VanDam2014a,
author = {{Van Dam}, Brian and Smith, Sean MC and Reeve, Andy and Gerard, Brett},
file = {:home/iannesbitt/MASTERS/literature/Van Dam et al/2014/Van Dam et al. - 2014 - Hydrologic Implications of Upland Microtopography in Post-Glaciated Maine.pdf:pdf},
title = {{Hydrologic Implications of Upland Microtopography in Post-Glaciated Maine}},
year = {2014}
}
@misc{Gerard2017a,
author = {Gerard, Brett and Smith, Sean MC and Peterson, Chris and Roy, Sam and Henkel, Brian},
file = {:home/iannesbitt/MASTERS/literature/Gerard et al/2017/Gerard et al. - 2017 - The Hydrologic Signature of Mount Desert Island.pdf:pdf},
title = {{The Hydrologic Signature of Mount Desert Island}},
year = {2017}
}
