Automatically generated by Mendeley Desktop 1.17.13
Any changes to this file will be lost if it is regenerated by Mendeley.

BibTeX export options can be customized via Options -> BibTeX in Mendeley Desktop

@incollection{Langmuir2012,
address = {Princeton, NJ},
author = {Langmuir, Charles H. and Broecker, Wallace S.},
booktitle = {How to Build a Habitable Planet: The Story of Earth from the Big Bang to Humankind},
file = {:home/iannesbitt/MASTERS/literature/Langmuir, Broecker/2012/Langmuir, Broecker - 2012 - Coping with the Weather Causes and Consequences of Naturally lnduced Climate Change.pdf:pdf},
isbn = {1400841976},
pages = {539--565},
publisher = {Princeton University Press},
title = {{Coping with the Weather: Causes and Consequences of Naturally lnduced Climate Change}},
year = {2012}
}
